@article{Canziani2017AnAO,
	title={An Analysis of Deep Neural Network Models for Practical Applications},
	author={Alfredo Canziani and Adam Paszke and Eugenio Culurciello},
	journal={CoRR},
	year={2017},
	volume={abs/1605.07678}
}

@incollection{NIPS2012_4824,
	title = {ImageNet Classification with Deep Convolutional Neural Networks},
	author = {Alex Krizhevsky and Sutskever, Ilya and Hinton, Geoffrey E},
	booktitle = {Advances in Neural Information Processing Systems 25},
	editor = {F. Pereira and C. J. C. Burges and L. Bottou and K. Q. Weinberger},
	pages = {1097--1105},
	year = {2012},
	publisher = {Curran Associates, Inc.},
	url = {http://papers.nips.cc/paper/4824-imagenet-classification-with-deep-convolutional-neural-networks.pdf}
}

@inproceedings{GLN43022,
title	= {Going Deeper with Convolutions},
author	= {Christian Szegedy and Wei Liu and Yangqing Jia and Pierre Sermanet and Scott Reed and Dragomir Anguelov and Dumitru Erhan and Vincent Vanhoucke and Andrew Rabinovich},
year	= {2015},
URL	= {http://arxiv.org/abs/1409.4842},
booktitle	= {Computer Vision and Pattern Recognition (CVPR)}
}

@inproceedings{inproceedings,
author = {Deyle, Travis and S. Reynolds, Matthew and C. Kemp, Charles},
year = {2014},
month = {09},
pages = {2579-2586},
title = {Finding and navigating to household objects with UHF RFID tags by optimizing RF signal strength},
journal = {IEEE International Conference on Intelligent Robots and Systems},
doi = {10.1109/IROS.2014.6942914}
}